@article{ madeiraoliveira2004,
    author={S. C. Madeira and A. L. Oliveira},
    journal={IEEE/ACM Transactions on Computational Biology and Bioinformatics},
    title={Biclustering algorithms for biological data analysis: a survey},
    year={2004},
    volume={1},
    number={1},
    pages={24-45},
    doi={10.1109/TCBB.2004.2},
    ISSN={1545-5963},
    month={Jan},
}

@article{ tanayetal2002,
    title={Discovering statistically significant biclusters in gene expression data},
    volume={18},
    DOI={10.1093/bioinformatics/18.suppl_1.s136},
    number={Suppl 1},
    journal={Bioinformatics},
    author={Tanay, A. and Sharan, R. and Shamir, R.},
    year={2002},
    month={Jan}
}

@article{ Busygin2008,
    title = "Biclustering in data mining ",
    journal = "Computers & Operations Research ",
    volume = "35",
    number = "9",
    pages = "2964 - 2987",
    year = "2008",
    note = "Part Special Issue: Bio-inspired Methods in Combinatorial Optimization ",
    issn = "0305-0548",
    doi = "http://dx.doi.org/10.1016/j.cor.2007.01.005",
    url = "http://www.sciencedirect.com/science/article/pii/S0305054807000159",
    author = "Stanislav Busygin and Oleg Prokopyev and Panos M. Pardalos",
}

@inproceedings{chengchurch2000,
	author = {Cheng, Yizong and Church, George M.},
	title = {Biclustering of Expression Data},
	booktitle = {Proceedings of the Eighth International Conference on Intelligent Systems for Molecular Biology},
	year = {2000},
	isbn = {1-57735-115-0},
	pages = {93--103},
	numpages = {11},
	url = {http://dl.acm.org/citation.cfm?id=645635.660833},
	acmid = {660833},
	publisher = {AAAI Press},
}

@article{hartigan1972direct,
  title={Direct clustering of a data matrix},
  author={Hartigan, John A},
  journal={Journal of the american statistical association},
  volume={67},
  number={337},
  pages={123--129},
  year={1972},
  publisher={Taylor \& Francis Group}
}

@incollection{mirkin1998mathematical,
  title={Mathematical classification and clustering: From how to what and why},
  author={Mirkin, Boris},
  booktitle={Classification, data analysis, and data highways},
  pages={172--181},
  year={1998},
  publisher={Springer}
}
@Inbook{Hayashi1998,
	author="Hayashi, Chikio",
	editor="Hayashi, Chikio
	and Yajima, Keiji
	and Bock, Hans-Hermann
	and Ohsumi, Noboru
	and Tanaka, Yutaka
	and Baba, Yasumasa",
	title="What is Data Science ? Fundamental Concepts and a Heuristic Example",
	bookTitle="Data Science, Classification, and Related Methods: Proceedings of the Fifth Conference of the International Federation of Classification Societies (IFCS-96), Kobe, Japan, March 27--30, 1996",
	year="1998",
	publisher="Springer Japan",
	address="Tokyo",
	pages="40--51",
	abstract="Data Science is not only a synthetic concept to unify statistics, data analysis and their related methods but also comprises its results. It includes three phases, design for data, collection of data, and analysis on data. Fundamental concepts and various methods based on it are discussed with a heuristic example.",
	isbn="978-4-431-65950-1",
	doi="10.1007/978-4-431-65950-1_3",
	url="https://doi.org/10.1007/978-4-431-65950-1_3"
}

