@article{ 1324618,
    author={S. C. Madeira and A. L. Oliveira},
    journal={IEEE/ACM Transactions on Computational Biology and Bioinformatics},
    title={Biclustering algorithms for biological data analysis: a survey},
    year={2004},
    volume={1},
    number={1},
    pages={24-45},
    keywords={biology computing;genetics;molecular biophysics;pattern clustering;biclustering algorithms;biological data analysis;coclustering;data mining;direct clustering;gene expression;gene subgroups;information retrieval;microarray experiments;Clustering algorithms;Clustering methods;Data analysis;Data mining;Gene expression;Information retrieval;Pattern analysis;Performance analysis;Performance evaluation;Semiconductor device measurement;Biclustering;bidimensional clustering;biological data analysis;block clustering;coclustering;direct clustering;gene expression data.;microarray data analysis;simultaneous clustering;subspace clustering;two-mode clustering;two-sided clustering;two-way clustering;Algorithms;Cluster Analysis;Computational Biology;Gene Expression;Gene Expression Profiling;Humans;Models, Statistical;Oligonucleotide Array Sequence Analysis;Saccharomyces cerevisiae},
    doi={10.1109/TCBB.2004.2},
    ISSN={1545-5963},
    month={Jan},
}

@article{
    tanay_sharan_shamir_2002,
    title={Discovering statistically significant biclusters in gene expression data},
    volume={18},
    DOI={10.1093/bioinformatics/18.suppl_1.s136},
    number={Suppl 1},
    journal={Bioinformatics},
    author={Tanay, A. and Sharan, R. and Shamir, R.},
    year={2002},
    month={Jan}
}

@article{Busygin20082964,
    title = "Biclustering in data mining ",
    journal = "Computers & Operations Research ",
    volume = "35",
    number = "9",
    pages = "2964 - 2987",
    year = "2008",
    note = "Part Special Issue: Bio-inspired Methods in Combinatorial Optimization ",
    issn = "0305-0548",
    doi = "http://dx.doi.org/10.1016/j.cor.2007.01.005",
    url = "http://www.sciencedirect.com/science/article/pii/S0305054807000159",
    author = "Stanislav Busygin and Oleg Prokopyev and Panos M. Pardalos",
    keywords = "Data mining",
    keywords = "Biclustering",
    keywords = "Classification",
    keywords = "Clustering",
    keywords = "Survey "
}


